

@manual{rohde2005tgrep2,
    Author = {Rohde, Douglas LT},
    Date-Added = {2013-10-02 14:36:34 -0700},
    Date-Modified = {2013-12-30 15:51:44 -0800},
    Journal = {\url{http://tedlab.mit.edu/~dr/Tgrep2/tgrep2.pdf}},
    Keywords = {sshrc2013},
    Organization = {Massachusetts Institute of Technology},
    Title = {TGrep2 User Manual version 1.15},
    Year = {2005}}

@misc{berners2014linked,
    Author = {Berners-Lee, Tim},
    Date-Added = {2014-02-19 08:40:00 -0800},
    Date-Modified = {2014-02-19 08:44:47 -0800},
    Howpublished = {\url{http://www.w3.org/DesignIssues/LinkedData.html}},
    Title = {{L}inked {D}ata--{D}esign {I}ssues (2006)},
    Year = {2014}}

@article{heath11,
    Author = {Heath, Tom and Bizer, Christian},
    Date-Added = {2014-02-05 05:05:15 -0800},
    Date-Modified = {2014-02-05 05:05:23 -0800},
    Journal = {Synthesis lectures on the semantic web: theory and technology},
    Number = {1},
    Pages = {1--136},
    Publisher = {Morgan \& Claypool Publishers},
    Title = {Linked data: Evolving the web into a global data space},
    Volume = {1},
    Year = {2011}}


@book{allemang11,
    Author = {Allemang, Dean and Hendler, James},
    Date-Added = {2014-02-05 20:53:16 -0800},
    Date-Modified = {2014-02-19 10:43:32 -0800},
    Publisher = {Access Online via Elsevier},
    Title = {Semantic web for the working ontologist: effective modeling in {RDFS} and {OWL}},
    Year = {2011}}


@incollection{van2012reusing,
    Author = {van Erp, Marieke},
    Booktitle = {Linked Data in Linguistics},
    Date-Added = {2014-02-20 04:58:49 -0800},
    Date-Modified = {2014-02-20 04:58:49 -0800},
    Pages = {57--64},
    Publisher = {Springer},
    Title = {Reusing linguistic resources: tasks and goals for a linked data approach},
    Year = {2012}}

@inproceedings{cysouw2005can,
    Author = {Cysouw, Michael and Good, Jeff and Albu, Mihai and Bibiko, Hans-J{\"o}rg},
    Booktitle = {Proceedings of the 2005 E-MELD workshop},
    Date-Added = {2014-02-20 05:08:01 -0800},
    Date-Modified = {2014-02-20 05:08:01 -0800},
    Title = {Can {GOLD} ``cope'' with {WALS}? Retrofitting an ontology onto the {W}orld {A}tlas of {L}anguage {S}tructures},
    Year = {2005}}

@incollection{taylor2003penn,
	Author = {Taylor, Ann and Marcus, Mitchell and Santorini, Beatrice},
	Booktitle = {Treebanks},
	Date-Added = {2013-10-02 15:07:48 -0700},
	Date-Modified = {2014-01-08 10:32:39 -0800},
	Keywords = {sshrc2013},
	Pages = {5--22},
	Publisher = {Springer},
	Title = {The {Penn} treebank: an overview},
	Year = {2003}}

@incollection{schalley12,
	Author = {Schalley, Andrea C},
	Booktitle = {Linked Data in Linguistics},
	Date-Added = {2014-02-06 10:48:32 -0800},
	Date-Modified = {2014-02-06 10:48:47 -0800},
	Pages = {139--149},
	Publisher = {Springer},
	Title = {{TYTO}--A collaborative research tool for linked linguistic data},
	Year = {2012}}


@unpublished{forkel14,
	Author = {Forkel, Robert},
	Date-Added = {2014-02-13 05:30:43 -0800},
	Date-Modified = {2014-02-20 15:51:47 -0800},
	Howpublished = {\url{https://www.writelatex.com/read/vycdsbkrvdnn}},
	Month = {February},
	Note = {Manuscript},
	Title = {The {C}ross-{L}inguistic {L}inked {D}ata project},
	Year = {2014}}
    
    
    

% =============== Online Field Databases ======================================
% BibTeX for online examples from kyle johnson's bib and from http://www-h.eng.cam.ac.uk/help/tpl/textprocessing/biblatex.html

@misc{Karuk:2009:Online,
	author = {Garrett, Andrew and  Gehr, Susan and  Mikkelsen, Line and  Baier, Nicholas and  Carpenter, Kayla and  Donnelly, Erin and  Faytak, Matthew and  Neely, Kelsey and  Redeye, Melanie and   Sandy, Clare and  Stark, Tammy and  Bilowitz, Shane and   Currey, Anna and  Falati, Kouros and  Gliozzo, Nina and  Jacobs, Morgan and  Maier,  Erik and  Moorman, Karie and   Pipko, Olga and  Spingeld, Jeff and  White, Whitney},
	title = {Karuk Dictionary and Texts },
	month = jan,
	year = {2009},
    Howpublished = {\url{http://linguistics.berkeley.edu/~karuk/links.php}}
}

@misc{Yurok:2001:Online,
	author = {Garrett, Andrew and Blevins, Juliette and  Conathan, Lisa and  Jurgensen, Anna and  Leung, Herman and   Mamin, Adrienne and  Maxson, Rachel and  Meroz,Yoram and   Paster, Mary and  Quinby, Alysoun and   Richard, William and  Rouvier, Ruth and  Ryan, Kevin and Woo, Tess},
	title = {The {Y}urok Language Project},
	month = jan,
	year = {2001},
	howpublished = {\url{http://linguistics.berkeley.edu/~yurok/index.php}}
}



@misc{Washo:2005:Online,
	author = {Yu, Alan and Bochnak, Ryan and  Franich, Katie and  Sarigul, \"Ozge and  Snyder, Peter and  Weaver, Christina and  Bueno-Holle, Juan and  Faytak, Matt and  Morley, Eric and  Rhomieux, Alice},
	title = {The {W}asho Project},
	month = jan,
	year = {2005},
	howpublished = {\url{http://washo.uchicago.edu/dictionary/dictionary.php}}
}
% http://lucian.uchicago.edu/blogs/washo/}

@misc{WashoMobile:2008:Online,
	author = {Yu, Alan and Bochnak, Ryan and  Franich, Katie and  Sarigul, \"Ozge and  Snyder, Peter and  Weaver, Christina and  Bueno-Holle, Juan and  Faytak, Matt and  Morley, Eric and  Rhomieux, Alice},
	title = {The {W}asho Mobile Lexicon},
	month = jan,
	year = {2008},
	howpublished = {\url{http://washo.uchicago.edu/mobile/}}
}

%http://moniyawlinguist.wordpress.com/2014/01/03/how-to-use-a-cree-dictionary/#more-1466

@misc{OLD:2010:Online,
	author = {Undisclosed},
	title = {The {OLD}},
	month = jan,
	year = {2010},
	howpublished = {\url{http://www.onlinelinguisticdatabase.org/}}
} 
%SRC: https://github.com/FieldDB/old}
%title = {The {OLD}: {O}nline {L}inguistic {D}atabase},

@misc{dunham2014,
	author = {Dunham, Joel},
	title = {The {O}nline {L}inguistic {D}atabase},
	month = mar,
	year = {2014},
	howpublished = {\url{http://www.onlinelinguisticdatabase.org/}}
}
%SRC: https://github.com/FieldDB/old}

@misc{dunham2014docs,
	author = {Dunham, Joel},
	title = {{O}nline {L}inguistic {D}atabase Documentation},
	month = mar,
	year = {2014},
    howpublished = {\url{http://online-linguistic-database.readthedocs.org}}
}

@misc{dunham13,
    Author = {Dunham, Joel},
    Howpublished = {\url{https://online-linguistic-database.readthedocs.org}},
    Title = {OLD Documentation (Release 1.0a1)},
    Year = {2013}
}

@mastersthesis{Cihlar:2008,
	Author = {Cihlar, Jonathon E.},
	School = {University of Chicago},
	Title = {Database development for language documentation: A case study in the {W}asho language},
	Year = {2008}
}
%(see dropbox)

@ONLINE{EOPAS:2014:Online,
	author = {Thieberger,Nick and  Nordlinger, Rachel and Falk, Cathy and Bird, Steven and Barwick, Linda},
	title = {{E}thnographic {E}-Research {O}nline {P}resentation {S}ystem ({EOPAS}) for Interlinear Text},
	month = jan,
	year = {2014},
	url = {http://www.eopas.org/transcripts/164 SRC: https://github.com/eopas}
}
%(written in ruby, project is on github, and the user interface is awesome!!)

@ONLINE{Rosetta:2014:Online,
	author = {Good, Jeff and  Welcher, Laura and  Puerta, Juan Pablo and  Fahringer, Jeremy and  Robinson, Stuart},
	title = {The Rosetta Project: A Long Now Foundation Library of Human Language},
	month = jan,
	year = {2014},
	url = {http://rosettaproject.org/projects/pangloss/ SRC: https://code.google.com/p/rosetta-pangloss/}
}

% =============== Corpus/Field Linguistics Tools and Databases ===========================

@inproceedings{Wittenburg:2006,
	Author = {Wittenburg, P. and Brugman, H. and  Russel,  A. and Klassmann, A.   and  Sloetjes, H. },
	Booktitle = {Proceedings of LREC 2006, Fifth {I}nternational {C}onference on {L}anguage {R}esources and {E}valuation},
	Title = {{ELAN}: a Professional Framework for Multimodality Research},
	Year = {2006}
}
%(see dropbox)

@inproceedings{Black:2006,
	Author = {Black, H. Andrew and Simons, Gary F. },
	Booktitle = {Computational Linguistics for Less-studied Languages: Proceedings of {T}exas {L}inguistics {S}ociety, {A}ustin, {TX}},
	Title = {The {SIL} {F}ield{W}orks {L}anguage {E}xplorer Approach to Morphological Parsing},
	Year = {2006}
}
%(see dropbox)


@ONLINE{FLEx:2011:Online,
	author = {{SIL International}},
	title = {{FLE}x 7},
	month = jan,
	year = {2011},
	url = {http://fieldworks.sil.org/download/movies SRC: https://github.com/sillsdev}
}
%title = {{FLE}x 7 {F}ield{W}orks {L}anguage {E}xplorer Demo Movies},


@ONLINE{ToolBox:2003:Online,
	author = {{SIL International}},
	title = {ToolBox},
	month = jan,
	year = {2003},
	url = {http://www.sil.org/computing/toolbox/}
}


@ONLINE{FLExSendReceive:2013:Online,
	author = {{SIL International}},
	title = {Technical Notes on {F}ield{W}orks {S}end/{R}eceive},
	month = nov,
	year = {2013}
}
%(see dropbox)


@ONLINE{WeSay:2007:Online,
	author = {{SIL International}},
	title = {We{S}ay},
	month = jan,
	year = {2007},
	url = {http://www.sil.org/resources/software\_fonts/wesay}
}

@article{Butler:2007,
	Author = {Butler, Lynnika and van Volkinburg, Heather},
	Journal = {Language Documentation \& Conservation},
	Number = {1},
	Pages = {100--106},
	Title = {Review of {F}ield{W}orks {L}anguage {E}xplorer ({FLE}x)},
	Volume = {1},
	Year = {2007}
}
%(see dropbox)


@inproceedings{Beermann:2012,
    Author = {Beermann, Dorothee and Mihaylov, Pavel},
    Booktitle = {Proceedings of ILD 2012},
    Title = {Type{C}raft collaborative databasing and resource sharing for Linguists},
    Year = {2012},
    url =  {http://bin.bash.info/TypeCraft-ILD2012.mov}
  }


@article{cathcart12,
    Author = {Cathcart, MaryEllen and Chiodo, Gina and Deering, Theresa and        Manyakina, Yuliya and McCulloch, Gretchen and Noguchi, Hisako},
    Date-Added = {2014-02-04 05:54:04 -0800},
    Date-Modified = {2014-02-04 05:59:03 -0800},
    Journal = {Proceedings of {CAML (Corpus Approaches to Mayan Linguistics)}},
    Title = {{LingSync}: a Free Tool for Creating and Maintaining a Shared
        Database For Communities, Linguists and Language Learners},
    Year = {2012}}
    
    
@inproceedings{lingsync:2012,
    Author = {Cathcart, MaryEllen and Chiodo, Gina and Deering, Theresa and Manyakina, Yuliya and McCulloch, Gretchen and Noguchi, Hisako},
	Booktitle = {Proceedings of {FAMLi} II:  workshop on {C}orpus {A}pproaches to {M}ayan {L}inguistics 2012},
	Editor = {Henderson, Robert and  Pablo, Pablo},
	Pages = {247--250},
	Title = {Ling{S}ync: A Free Tool for Creating and Maintaining a Shared Database For Communities, Linguists and Language Learners},
	Year = {2012}
}

@misc{fphlcc10,
    Author = {{First Peoples' Cultural Council}},
    Howpublished = {\url{http://www.fpcc.ca}},
    Title = {{Report on the Status of B.C. First Nations Languages}},
    Urldate = {October 1, 2013},
    Year = {2010}}

%Howpublished = {\url{http://www.fpcc.ca/Files/PDF/2010-report-on-the-status-of-bc-first-nations-languages.pdf}},

@ONLINE{LingSync:2012:ISSUES,
	author = {{LingSync}},
	title = {Feature tracker and {M}ilestones},
	month = jan,
	year = {2012},
	url = {~\\  \small https://github.com/FieldDB/FieldDB/issues}
}

@ONLINE{LingSync:2012:WP,
	author = {{LingSync}},
	title = {{W}hite{P}aper},
	month = jan,
	year = {2012},
	url = {~\\ \small http://fielddb.github.io/FieldDB/\#whitepaper}
}

@ONLINE{LingSync:2012:SDD,
	author = {{LingSync}},
	title = {{S}oftware {D}esign {D}escription: Technical Specifications \& General Information for {SOEN} Interns},
	month = jan,
	year = {2012},
	url = { \small http://fielddb.github.io/FieldDB/\#sdd}
}

@ONLINE{LingSync:2013,
	author = {{LingSync}},
	title = {Ling{S}ync.org},
	month = jan,
	year = {2013},
	url = {SRC: https://github.com/FieldDB}
}



@unpublished{Bielig:2013,
  title={Supplementing field work with corpora: An investigation of ergativity and anti-passives in {I}nuktitut},
  author={ Bielig, Louisa},
  note={Ms, McGill University },
  year={2013}
}

@unpublished{Chiodo:2009,
  title={Morphological parsing of {I}nuktitut},
  author={ Chiodo, Gina},
  note={Ms, Concordia University, Faculty of Engineering and Computer Science},
  year={2009}
}

%http://gina.ilanguage.ca/research/inuktitut/090416Morphological_parsing_inuktitut-v3.pdf


%URL: \begin{tiny}https://github.com/FieldDB/FieldDB/blob/master/docs/SupplementingFieldWorkWithCorpora.pdf?raw=true\end{tiny}

@misc{Myaamia:2001,
	author = {{Myaamia Center}},
	title = {Myaamia Center: Advancing the research needs of the Miami Tribe of Oklahoma with a focus on myaamia language, culture and history},
	month = jan,
	year = {2001},
	howpublished = {\url{http://myaamiacenter.org/publications/}}
}


@inproceedings{Leonard:2012,
  title={Your language isn't extinct: the role of {M}yaamia in {L}anguage {R}eclamation},
  author={Leonard, Wesley},
  Booktitle={Proceedings of the 2012 {M}yaamiaki {C}onference},
  year={2012},
  url={http://youtu.be/9WHEo5S49sE}
}


@inproceedings{Costa:2012,
  title={Surveying the sources on the {M}yaamia Language},
  author={Costa, David},
  Booktitle={Proceedings of the 2012 {M}yaamiaki {C}onference},
  year={2012},
  url={http://youtu.be/o2kiaDY9DnQ}
}


@inproceedings{Ironstrack:2012,
  title={Miloniteeheetaawi eehinki pimihkanaweeyankwi: Let's Reflect on How Far We Have Traveled},
  author={Ironstrack, George},
  Booktitle={Proceedings of the 2012 {M}yaamiaki {C}onference},
  year={2012},
  url={http://youtu.be/o2kiaDY9DnQ}
}


@inproceedings{Troy:2014,
  title={{Metimankwiki kimeh\v{s}oominaanaki - we follow our ancestors trail: Sharing historical Myaamia language documents across myaamionki}},
  author={Troy, Doug and Strack, Andrew J.},
  Booktitle={Proceedings of the 2014 {M}yaamiaki {C}onference},
  year={2014},
  url={http://youtu.be/o2kiaDY9DnQ}
}




% ===============  Field Linguistics & Language Documentation ===========================


chapter 1 (intro) and chapter 11 (ethics) of her textbook (Bowern 2008 in dropbox) - chapter 4 (data organization and archiving), chapter 14 (fieldwork results: dictionaries, sketch grammars, full grammars)
Bowern, Claire. 2008. Linguistic fieldwork: A practical guide. New York: Palgrave Macmillan.

@article{Bird:2003,
  title={Seven dimensions of portability for language documentation and description},
  author={Bird, Steven and Simons, Gary},
  journal={Language},
  pages={557--582},
  year={2003},
  publisher={JSTOR}
}

@incollection{Thieberger:2012,
	Address = {Honolulu},
	Author = {Thieberger, Nick},
	Booktitle = {Potentials of Language Documentation: Methods, Analyses, and Utilization},
	Editor = { Seifart, Frank and  Haig, Geoffrey and  Himmelmann, Nikolaus P. and   Jung, Dagmar and  Margetts,  Anna and  Trilsbeek, Paul },
	Publisher = {University of Hawai'i Press},
	Title = {Using language documentation data in a broader context},
	Year = {2012}
}
%(see dropbox)

@incollection{Schalley:2012,
	Address = {Heidelberg},
	Author = {Schalley, Andrea C. },
	Booktitle = {Linked Data in Linguistics. Representing and Connecting Language Data and Language Metadata},
	Editor = { Chiarcos, C. and  Nordhoff, S. and Hellmann, S.},
	Publisher = {Springer},
	Title = {{TYTO} -- A collaborative research tool for linked linguistic data},
	Year = {2012}
}
%(see dropbox) an example of dbs driven by typology, not field work...

@incollection{Musgrave:2012,
	Address = {Honolulu},
	Author = {Musgrave, Simon and Thieberger, Nick },
	Booktitle = {Electronic Grammaticography},
	Editor = {Nordoff, Sebastian },
	Publisher = {University of Hawaii Press},
	Pages = {63--77},
	Title = {Language description and hypertext: {N}unggubuyu as a case study},
	Year = {2012}
}
%(see dropbox) a wealth of examples of field tools, as well as candid discussions of how hard it is to elicit data we are confident represents the speaker's system

@article{Good:2012,
	Address = {London},
	Author = {Good, Jeff},
	Journal = {Language Documentation and Description},
	Number = {1},
	Editor = {Austin, Peter K.  and  McGill, Stuart },
	Publisher = {SOAS},
	Pages = {28--58},
	Title = {`{C}ommunity' collaboration in {A}frica: Experiences from Northwest {C}ameroon},
	Volume = {11},
	Year = {2012}
}
%(see dropbox) discussion of how language documentation projects can be useful for a language community, and how north american and australian contexts differ from sub saharan africa

@incollection{Good:2012b,
	Address = {Amsterdam},
	Author = {Good, Jeff},
	Booktitle = {Language documentation: Practice and values},
	Editor = { Furbee, Louanna and  Grenoble, Lenore },
	Publisher = {Benjamins},
	pages={111--131},
	Title = {Valuing technology: Finding the linguist's place in a new technological universe},
	Year = {2012}
}
%(see dropbox) tries to explain how technologists and linguistics are divided, but how they should work iteratively.


@unpublished{Bender:2010,
  title={A Grand Challenge for Linguistics: Scaling Up and Integrating Models},
  author={Bender, Emily M. and Good, Jeff},
  note={White paper contributed to NSF's SBE 2020: Future Research in the Social, Behavioral and Economic Sciences initiative.},
  year={2010}
}
%(see dropbox) Discusses some reason why sharing primary resources is so hard.


@MISC{Cox:2013,
  title={Reclaiming access: Language documentation methodologies in {C}anadian {I}ndigenous language reclamation},
  author={Cox, Christopher},
  note={Poster presented at the Canadian Linguistics Association Conference, Victoria, BC.},
  year={2013}
}



% =============== Computational (Field) Linguistics Tools and Libraries ===========================


@phdthesis{Palmer:2009,
	Author = {Palmer, Alexis M.},
	School = {University of Texas at Austin},
	Title = {Semi-Automated Annotation and {A}ctive {L}earning for Language Documentation},
	Year = {2009}
}
%(see dropbox)

@article{Palmer:2010,
  title={Computational strategies for reducing annotation effort in language documentation},
  author={Palmer, Alexis and Moon, Taesun and Baldridge, Jason and Erk, Katrin and Campbell, Eric and Can, Telma},
  journal={Linguistic Issues in Language Technology},
  volume={3},
  number={1},
  year={2010}
}

%constantly changing hypotheses about how to appropriately analyze a language

%asic computational skills like scripting and data management can be very effective in improving the quality and consistency of data annotated in language documentation projects, as well as increasing the data?s suitability for reuse, both by humans and by machines.

%a solid software infrastructure is necessary. This infrastructure must take into account both machine and hu- man factors.


@incollection{Schroeter:2006,
	Address = {Sydney},
	Author = {Schroeter, R. and Thieberger, N.},
	Booktitle = {Sustainable Data from Digital Fieldwork},
	Editor = {Nordoff, Sebastian },
	Publisher = {University of Sydney},
	Title = {{EOPAS}, the {E}thno{ER} online representation of interlinear text},
	Year = {2006}
}
%(see dropbox) excellent easy to use way to explore IGT transcripts and morphemes online with its original audio/video


@misc{Farley:2012:Online,
	author = {Farley, Benoit},
	title = {The {U}QAILAUT Project},
	month = jan,
	year = {2012},
	howpublished = {\url{http://www.inuktitutcomputing.ca}}
}


@article{DeJong:2009,
  title={Praat script to detect syllable nuclei and measure speech rate automatically},
  author={De Jong, N.H. and Wempe, T},
  journal={Behavior research methods},
  volume={41},
  number={2},	
  pages={385--390},
  year={2009}
}

% =============== Computational Linguistics ===========================

@inproceedings{Dubuc:2010,
	Author = {Dubuc, Julien and  Bergler, Sabine},
	Booktitle = {Proceedings of the 10th {ACM} symposium on {D}ocument {E}ngineering ({D}oc{E}ng '10)},
	Editor = { Buitelaar, Paul and  Cimiano, Philipp and  Montiel-Ponsoda, Elena},
	Pages = {247--250},
	Title = {Structure-aware topic clustering in social media},
	Year = {2010}
}
%http://dl.acm.org/citation.cfm?doid=1860559.1860615[p][q][r]

@inproceedings{Chen:2011,
	Author = { Chen, Chenhua and  Palmer,Alexis  and  Sporleder, Caroline},
	Booktitle = {Proceedings of the Fifth  International Joint Conference on {N}atural {L}anguage {P}rocessing ({IJCNLP})},
	Title = {Enhancing {A}ctive {L}earning for Semantic Role Labeling via {C}ompressed {D}ependency {T}ree},
	Year = {2011}
}

@inproceedings{Desilets:2010,
	Author = { Desilets, Alain and  Farley, Benoit and  Stojanovic, Marta and  Urdininea, Frances},
	Booktitle = {Proceedings of  the Ninth Conference of the Association for Machine Translation in the Americas ({AMTA})},
	Pages = {26--30},
	Title = {Using {WEB}i{T}ext to search multilingual web sites},
	Year = {2010}
}
%(see dropbox)

@inproceedings{Rosenberg:2012,
	Author = { Rosenberg, Sabine and Kilicoglu, Halil and Bergler, Sabine},
	Booktitle = {{CLEF} Online Working Notes/Labs/Workshop },
	Pages = {26--30},
	Title = {{CL}a{C} Labs: Processing Modality and Negation. Working Notes for {QA4MRE} Pilot Task},
	Year = {2010}
}
%(see dropbox)

@inproceedings{Sadri:2007,
  title={State-of-the-art in Farsi script recognition},
  author={Sadri, Javad and Izadi, Sara and Solimanpour, Farshid and Suen, Ching Y and Bui, Tien D},
  booktitle={Signal Processing and Its Applications, 2007. ISSPA 2007. 9th International Symposium on},
  pages={1--6},
  year={2007},
  organization={IEEE}
}


@book{Cunningham:2011,
  author = {Hamish Cunningham and Diana Maynard and Kalina Bontcheva and Valentin Tablan and Niraj Aswani and Ian Roberts and
    Genevieve Gorrell and Adam Funk and Angus Roberts and Danica Damljanovic and Thomas Heitz and Mark A. Greenwood and
    Horacio Saggion and Johann Petrak and Yaoyong Li and Wim Peters},
  title = {{Text Processing with GATE (Version 6)}},
  isbn = {978-0956599315},
  year = 2011,
  url = {http://tinyurl.com/gatebook}
}

@article{Walker:2004,
  title={Sphinx-4: A flexible open source framework for speech recognition},
  author={Walker, Willie and Lamere, Paul and Kwok, Philip and Raj, Bhiksha and Singh, Rita and Gouvea, Evandro and Wolf, Peter and Woelfel, Joe},
  year={2004},
  journal={Technical Report SML1 TR2004-0811},
  publisher={Sun Microsystems, Inc.}
}


@inproceedings{Povey:2011,
         author = {Povey, Daniel and Ghoshal, Arnab and Boulianne, Gilles and Burget, Lukas and Glembek, Ondrej and Goel, Nagendra and Hannemann, Mirko and Motlicek, Petr and Qian, Yanmin and Schwarz, Petr and Silovsky, Jan and Stemmer, Georg and Vesely, Karel},
       keywords = {ASR, Automatic Speech Recognition, GMM, HTK, SGMM},
          month = dec,
          title = {The {K}aldi Speech Recognition Toolkit},
      booktitle = {IEEE 2011 Workshop on Automatic Speech Recognition and Understanding},
           year = {2011},
      publisher = {IEEE Signal Processing Society},
       location = {Hilton Waikoloa Village, Big Island, Hawaii, US},
           note = {IEEE Catalog No.: CFP11SRW-USB},
}

@inproceedings{Novak:2012,
  title={WFST-based grapheme-to-phoneme conversion: open source tools for alignment, model-building and decoding},
  author={Novak, Josef R and Minematsu, Nobuaki and Hirose, Keikichi},
  booktitle={10th International Workshop on Finite State Methods and Natural Language Processing},
  pages={45},
  year={2012}
}

@inproceedings{Sarfraz:2010,
  title={Large vocabulary continuous speech recognition for Urdu},
  author={Sarfraz, Huda and Hussain, Sarmad and Bokhari, Riffat and Raza, Agha Ali and Ullah, Inam and Sarfraz, Zahid and Pervez, Sophia and Mustafa, Asad and Javed, Iqra and Parveen, Rahila},
  booktitle={Proceedings of the 8th International Conference on Frontiers of Information Technology},
  pages={1},
  year={2010},
  organization={ACM}
}

@inproceedings{Clarkson:1997,
  title={Statistical Language Modeling Using the CMU-Cambridge Toolkit},
  author={Clarkson, Philip and Rosenfeld, Ronald},
  booktitle={Eurospeech 97},
  volume={5},
  pages={2707--2710},
  year={1997}
}

@inproceedings{Elmahdy:2010,
  title={Cross-lingual acoustic modeling for dialectal Arabic speech recognition.},
  author={Elmahdy, Mohamed and Gruhn, Rainer and Minker, Wolfgang and Abdennadher, Slim},
  booktitle={INTERSPEECH},
  pages={873--876},
  year={2010}
}

@inproceedings{Imran:2012,
  title={Speech recognition for resource deficient languages using frugal speech corpus},
  author={Imran, Ahmed and Sunil, K},
  booktitle={Signal Processing, Communication and Computing (ICSPCC), 2012 IEEE International Conference on},
  pages={750--755},
  year={2012},
  organization={IEEE}
}

% =============== Software Engineering ===========================


@incollection{Sateli:2013,
	Address = {Heidelberg},
	Author = {Sateli, Bahar and Chiodo, Gina and Witte, Rene},
	Booktitle = {Proceedings of the 10th International Conference on Mobile Web Information Systems ({M}obi{WIS})},
	Editor = {Daniel, F. and Papadopoulos, G. A. and Thiran, P. },
	Publisher = {Springer},
	Title = {Smarter Mobile Apps through Integrated {N}atural {La}nguage {P}rocessing Services},
	Year = {2013}
}

@inproceedings{Poornima:2010,
	Author = {Poornima, Shakthi and Good, Jeff},
	Booktitle = {Proceedings of the First International Workshop on the Multilingual Semantic Web ({MSW})},
	Editor = { Buitelaar, Paul and  Cimiano, Philipp and  Montiel-Ponsoda, Elena},
	Title = {Modeling wordlists via {S}emantic {W}eb technologies},
	Year = {2010}
}
%(see dropbox)


Sateli, B., S. Luong, and R. Witte, "TagCurate: crowdsourcing the verification of biomedical annotations to mobile users", NETTAB 2013 workshop focused on Semantic, Social, and Mobile Applications for Bioinformatics and Biomedical Laboratories, vol. 19 Suppl. B, Venice Lido, Italy : EMBnet.journal, pp. 24?26, 10/2013.
(see dropbox)

@article{Pfeiffer:2010,
  title={Patents and their effect on standards: Open video codecs for {HTML}5},
  author={Pfeiffer, Silvia},
  journal={International Free and Open Source Software Law Review},
  volume={1},
  number={2},
  pages={131--138},
  year={2010}
}
%(see dropbox)


% =============== Data Management Best Practices ===========================



@ONLINE{DataOne:2011:Online,
	author = {DataOne},
	title = {Primer on Data Management: What you always wanted to know but were afraid to ask},
	month = jan,
	year = {2011},
	url = {http://www.dataone.org/best-practices}
}

%http://www.dataone.org/sites/all/documents/DataONE\_BP\_Primer\_020212.pdf

@ONLINE{EMELD:2006:Online,
	author = {E-MELD},
	title = {E-MELD School of Best Practice: What are Best Practices?},
	month = jan,
	year = {2006},
	url = {~\\http://emeld.org/school/what.html}
}

@ONLINE{EMELD:2006:Archives,
	author = {E-MELD},
	title = {E-MELD School of Best Practice: Finding an Archive},
	month = jan,
	year = {2006},
	url = {~\\http://emeld.org/school/classroom/archives/finding-archives.html}
}

@ONLINE{OLAC:2006:Online,
	author = {OLAC},
	title = {Open Language Archives Community},
	month = jan,
	year = {2006},
	url = {~\\http://linguistlist.org/olac/index.html}
}

	% \\ http://www.language-archives.org/documents/implement.html\#conventional}

@article{Dean:2004,
	  title={MapReduce: Simplified Data Processing on Large Clusters},
	  author={Dean, Jeffrey and Ghemawat, Sanjay},
	  journal={To appear in OSDI},
	  pages={1},
	  year={2004}
}

@article{Dean:2008,
	 author = {Dean, Jeffrey and Ghemawat, Sanjay},
	 title = {MapReduce: Simplified Data Processing on Large Clusters},
	 journal = {Commun. ACM},
	 issue_date = {January 2008},
	 volume = {51},
	 number = {1},
	 month = jan,
	 year = {2008},
	 issn = {0001-0782},
	 pages = {107--113},
	 numpages = {7},
	 url = {http://doi.acm.org/10.1145/1327452.1327492},
	 doi = {10.1145/1327452.1327492},
	 acmid = {1327492},
	 publisher = {ACM},
	 address = {New York, NY, USA},
} 


@inproceedings{Borthakur:2011,
	title={Apache Hadoop goes realtime at Facebook},
	author={Borthakur, Dhruba and Gray, Jonathan and Sarma, Joydeep Sen and Muthukkaruppan, Kannan and Spiegelberg, Nicolas and Kuang, Hairong and Ranganathan, Karthik and Molkov, Dmytro and Menon, Aravind and Rash, Samuel and others},
	booktitle={Proceedings of the 2011 ACM SIGMOD International Conference on Management of data},
	pages={1071--1080},
	year={2011},
	organization={ACM}
}

@inproceedings{Sumbaly:2013,
 	author = {Sumbaly, Roshan and Kreps, Jay and Shah, Sam},
	 title = {The "big data" ecosystem at LinkedIn},
 	booktitle = {Proceedings of the 2013 International Conference on Management of Data},
 	series = {SIGMOD '13},
 	year = {2013},
 	location = {New York, New York, USA},
 	pages = {1125--1134},
 	numpages = {10},
 	address = {New York, NY, USA},
}


@ONLINE{Lehene:2010:Online,
	author = {Lehene, Cosmin},
	title = {Why we're using {HB}ase},
	month = march,
	year = {2010},
	url = {hhttp://hstack.org/why-were-using-hbase-part-1/}
}


@phdthesis{fielding2000architectural,
    Author = {Fielding, Roy Thomas},
    School = {University of California},
    Title = {Architectural styles and the design of network-based software architectures},
    Year = {2000}
}

@article{beesley2003finite,
    Author = {Beesley, Kenneth R and Karttunen, Lauri},
    Journal = {CSLI, Stanford},
    Title = {Finite-state morphology: Xerox tools and techniques},
    Year = {2003}
}

@book{manning1999foundations,
    Author = {Manning, Christopher D and Sch{\"u}tze, Hinrich},
    Publisher = {MIT press},
    Title = {Foundations of statistical natural language processing},
    Year = {1999}
}

@book{harrison2007languages,
    Author = {Harrison, K David},
    Publisher = {Oxford University Press},
    Title = {{When Languages Die: The Extinction of the World's Languages and the Erosion of Human Knowledge}},
    Year = {2007}
}

@misc{sil-flex,
    Author = {{SIL International}},
    Howpublishedshed = {\url{http://fieldworks.sil.org/flex/}},
    Title = {{SIL FieldWorks Language Explorer (FLEx)}},
    Year = {2014}}
    
@misc{sil-toolbox-info,
    Author = {{SIL International}},
    Howpublished = {\url{http://www-01.sil.org/computing/toolbox/information.htm}},
    Note = {[Online; accessed 7-January-2014]},
    Title = {Toolbox Information},
    Year = {2013}}
        
@article{robinson07,
    Author = {Robinson, Stuart and Aumann, Greg and Bird, Steven},
    Journal = {Language Documentation \& Conservation},
    Number = {1},
    Pages = {44--57},
    Title = {{Managing fieldwork data with ToolBox and the Natural Language Toolkit}},
    Volume = {1},
    Year = {2007}}

@article{rogers10,
    Author = {Rogers, Chris},
    Journal = {Language Documentationation \& Conservation},
    Pages = {78--84},
    Title = {{Review of FieldWorks Language Explorer (FLEx) 3.0}},
    Volume = {4},
    Year = {2010}}

@article{Farrar:2010,
    Author = {Farrar, Scott},
    Journal = {Language Documentation \& Conservation},
    Pages = {60--65},
    Title = {Review of {TypeCraft}},
    Volume = {4},
    Year = {2010}
  }
      

@misc{hulden2012,
    Author = {Hulden, M.},
    Howpublished = {\url{https://code.google.com/p/foma/w/list}},
    Title = {foma: finite state compiler and C library (documentation)},
    Year = {2012}}

@book{chomsky68,
    Address = {New York},
    Author = {Chomsky, N. and Halle, M.},
    Publisher = {Harper \& Row},
    Title = {The Sound Pattern of English},
    Year = {1968}}

@book{frantz91,
    Author = {Frantz, Donald G.},
    Publisher = {Toronto: University of Toronto Press},
    Title = {Blackfoot Grammar},
    Year = {1991}}

@book{frantz95,
    Author = {Frantz, Donald G. and Russell, Norma Jean},
    Publisher = {Toronto: University of Toronto Press},
    Title = {Blackfoot Dictionary of Stems, Roots, and Affixes},
    Year = {1995}}

@misc{weber2013,
    Author = {Weber, N.},
    Howpublished = {\url{http://www.academia.edu/4250143/Accent_and_prosody_in_Blackfoot_verbs}},
    Title = {Accent and prosody in {B}lackfoot verbs},
    Year = {2013}}

